
@online{def_nadane_deti,
    author = "Jitka, Sejvalová",
    title = "Definice a projevy nadandých dětí, Metodický portál RVP",
    year = "2004",
    note = "Dostupné na https://clanky.rvp.cz/clanek/s/Z/17/DEFINICE-A-PROJEVY-NADANYCH-ZAKU.html/"
}

@online{nadani_wikipedie,
    author = "Wikipedia.org",
    title = "Intellectual giftedness",
    year = "2019",
    note = "Dostupné online na https://en.wikipedia.org/wiki/Intellectual_giftedness"
}

@online{renzuli_ring_fig,
    author = "Sylvan, Taylor",
    title = "What is Renzulli`s model of schoolwide enrichment?",
    note = "Dostupné online na https://mrstaylordts.weebly.com/renzulli-schoolwide-enrichment-model.html"
}

@article{monks_model_fig,
    author ="Boxtel, H W van, and M{\"o}nks, Franz J.,",
    title = "General, social, and academic self-concepts of gifted adolescents.",
    journal = "Journal of youth and adolescence",
    year = "1992"
}

@online{gagne_model_fig,
    author = "Nadanedeti.cz",
    title = "Multidimenzionální modely talentu a nadání",
    year = "2019",
    note = "Dostupné online na http://www.nadanedeti.cz/pro-odborniky-modely-nadani"
}

@online{tak_mali,
    author = "Joan Freemanová",
    title = "Tak malí a tolik nadaní...",
    year = "2019",
    note = "Dostupné online https://deti.mensa.cz/index.php?pg=odborne-informace--rany-vek--rozvoj-ditete&aid=172"
}

@online{dvoji_vyjimecnost,
    author = "Šárka Portešová",
    title = "Dvojí vyjímečnost",
    year = "2019",
    note = "Dostupné online na http://www.nadanedeti.cz/pro-psychology-dvoji-vyjimecnost"
}

@book{stehlikova_nadani,
    author = "Monika Stehlíková",
    title = "Život s vysokou inteligencí - průvodce pro nadané dospělé a nadané děti"
    publisher = "Grada",
    year = "2016"
}

@book{stehlikova_nadane_dite,
    author = "Monika Stehlíková",
    title = "Nadané dítě - jak mu pomoci ke štěstí a úspěchu",
    publisher = "Grada",
    year = "2018"
}